@article{rodriguez2005bilateral,
  title={Bilateral deep brain stimulation in Parkinson's disease: a multicentre study with 4 years follow-up},
  author={Rodriguez-Oroz, MC and Obeso, JA and Lang, AE and Houeto, J-L and Pollak, P and Rehncrona, Stig and Kulisevsky, J and Albanese, A and Volkmann, J and Hariz, MI and others},
  journal={Brain},
  volume={128},
  number={10},
  pages={2240--2249},
  year={2005},
  publisher={Oxford Univ Press}
}
@article{Arcos1998,
author = {Arcos, Josep Llu{\'{i}}s and de M{\'{a}}ntaras, Ramon L{\'{o}}pez and Serra, Xavier},
journal = {Journal of New Music Research},
number = {3},
pages = {194--210},
title = {{Saxex: A case-based reasoning system for generating expressive musical performances}},
volume = {27},
year = {1998}
}

@article{Cambouropoulos1997a,
author = {Cambouropoulos, Emilios},
journal = {Music, gestalt, and computing},
mendeley-groups = {SMC/TFM},
pages = {277--293},
title = {{Musical rhythm: A formal model for determining local boundaries, accents and metre in a melodic surface}},
volume = {1317},
year = {1997}
}
@article{Giraldo2016,
author = {Giraldo, Sergio and Ram{\'{i}}rez, Rafael},
journal = {Journal of Mathematics and Music},
month = {may},
number = {2},
pages = {107--126},
title = {{A machine learning approach to ornamentation modeling and synthesis in jazz guitar}},
volume = {10},
year = {2016}
}
@article{Goebl2005,
author = {Goebl, Werner and Dixon, Simon and Poli, Giovanni De and Friberg, Anders and Bresin, Roberto and Widmer, Gerhard},
journal = {Artificial Intelligence},
pages = {1--36},
title = {{â€˜ Sense ' in Expressive Music Performance : Data Acquisition , Computational Studies , and Models}},
year = {2005}
}
@book{Grachten2006,
author = {Grachten, Maarten. and Serra, Xavier and {Universitat Pompeu Fabra.}},
booktitle = {TDX (Tesis Doctorals en Xarxa)},
publisher = {Universitat Pompeu Fabra},
title = {{Expressivity-aware tempo transformations of music performances using case based reasoning}},
year = {2006}
}
@article{Group2016,
author = {Group, Music Technology and Fabra, Universitat Pompeu},
journal = {Proc. 17th International Society for Music Information Retrieval Conference},
pages = {674--680},
title = {{Jazz Ensemble Expressive Performance Modeling}},
year = {2016}
}
@article{OGrady2009,
author = {O'Grady, P.D. and Rickard, S.T.},
journal = {IET Irish Signals and Systems Conference (ISSC 2009)},
keywords = {automatic music transcription,hexaphonic guitar,non-negative matrix},
pages = {22--22},
title = {{Automatic hexaphonic guitar transcription using non-negative constraints}},
year = {2009}
}
@article{Puiggros2006,
author = {Puiggr{\`{o}}s, Montserrat and G{\'{o}}mez, Emilia and Ram{\'{i}}rez, Ra-Fael and Serra, Xavier and Bresin, Roberto},
journal = {9th International Conference on Music Perception and Cognition},
title = {{Automatic characterization of ornamentation from bassoon recordings for expressive synthesis}},
year = {2006}
}
@article{Ramirez2006,
author = {Ramirez, Rafael and Hazan, A},
journal = {International Journal on Artificial Intelligence Tools},
pages = {673--691},
title = {{A Tool for Generating and Explaining Expressive Music Performances of Monophonic Jazz Melodies}},
volume = {15},
year = {2006}
}
@article{Widmer2003a,
author = {Widmer, Gerhard},
journal = {Artificial Intelligence Widmer / Artificial Intelligence},
keywords = {Data mining,Ensemble methods,Expressive music performance,Machine learning,Meta-learning,Partial models,Rule discovery},
number = {146},
pages = {129--148},
title = {{Discovering simple rules in complex data: A meta-learning algorithm and some surprising musical discoveries}},
volume = {146},
year = {2003}
}
@article{Widmer2003,
author = {Widmer, Gerhard and Tobudic, Asmir},
journal = {Journal of New Music Research},
number = {3},
pages = {259--268},
title = {{Playing Mozart by Analogy: Learning Multi-level Timing and Dynamics Strategies}},
volume = {32},
year = {2003}
}
@article{Gabrielsson1999,
author = {Gabrielsson, Alf},
journal = {The Psychology of Music},
mendeley-groups = {SMC/TFM},
pages = {501--602},
title = {{The Performance of Music}},
volume = {2},
year = {1999}
}
@article{Sundberg2003,
author = {Sundberg, Johan and Friberg, Anders and Bresin, Roberto},
journal = {Journal of New Music Research},
mendeley-groups = {SMC/TFM},
number = {3},
pages = {317--325},
title = {{Attempts to reproduce a pianist's expressive timing with Director Musices performance rules}},
volume = {32},
year = {2003}
}
@article{Friberg2009,
author = {Friberg, Anders and Bresin, Roberto and Sundberg, Johan},
journal = {Advances in Cognitive Psychology},
keywords = {expression,music performance modeling,rule system},
mendeley-groups = {SMC/TFM},
number = {2},
pages = {145--161},
title = {{Overview of the KTH rule system for musical performance}},
volume = {2},
year = {2009}
}
@article{Bresin2000,
author = {Bresin, Roberto and Friberg, Anders},
journal = {Computer Music Journal},
mendeley-groups = {SMC/TFM},
number = {4},
pages = {44--63},
title = {{Emotional Coloring of Computer-Controlled Music Performances}},
volume = {24},
year = {2000}
}
@article{Bresin1998,
author = {Bresin, Roberto},
journal = {Journal of New Music Research},
mendeley-groups = {SMC/TFM},
number = {3},
title = {{Artificial Neural Networks Based Models for Automatic Performance of Musical Scores}},
volume = {9800},
year = {1998}
}
@article{Camurri2000,
author = {Camurri, Antonio and Dillon, Roberto and Saron, Alberto},
journal = {{\ldots} of 13th Colloquium on Musical {\ldots}},
mendeley-groups = {SMC/TFM},
title = {{An experiment on analysis and synthesis of musical expressivity}},
year = {2000}
}
@article{Grindlay2006,
author = {Grindlay, Graham and Helmbold, David},
journal = {Mach Learn},
keywords = {Graphical models,Hierarchical hidden,Markov models,Music performance,Musical information retrieval},
mendeley-groups = {SMC/TFM},
pages = {361--387},
title = {{Modeling, analyzing, and synthesizing expressive piano performance with graphical models}},
volume = {65},
year = {2006}
}
@article{Miranda2010,
author = {Miranda, Eduardo R. and Kirke, Alexis and Zhang, Qijun},
journal = {Computer Music Journal},
mendeley-groups = {SMC/TFM},
number = {1},
pages = {80--96},
title = {{Artificial Evolution of Expressive Performance of Music: An Imitative Multi-Agent Systems Approach}},
volume = {34},
year = {2010}
}
@article{bantula2016,
author = {Bantula, Helena and Giraldo, Sergio and Ram{\'{i}}rez, Rafael},
journal = {Proc. 17th International Society for Music Information Retrieval Conference},
mendeley-groups = {SMC/TFM},
pages = {674--680},
title = {{Jazz Ensemble Expressive Performance Modeling}},
year = {2016}
}

@incollection{KirkeAlexisMiranda2013,
author = {{Kirke, Alexis, Miranda}, Eduardo Reck},
booktitle = {Guide to Computing for Expressive Music Performance},
pages = {1--47},
title = {{An Overview of Computer Systems for Expressive Music Performance}},
year = {2013}
}
@inproceedings{Angulo2016,
author = {Angulo, I{\~{n}}igo and Giraldo, Sergio and Ramirez, Rafael},
booktitle = {TENOR 2016, International Conference on Technologies for Music Notation and Representation.},
isbn = {978-0-9931461-1-4},
keywords = {guitar transcription,guitar visualization,hexaphonic guitar,music visualization},
pages = {187 -- 192},
title = {{Hexaphonic guitar transcription and visualization}},
year = {2016}
}
@article{Cheveigne2002,
author = {Cheveigne, Alain De and Kawahara, Hideki},
doi = {10.1121/1.1458024},
file = {:home/msiquier/Downloads/2002{\_}YIN{\_}{\_}a{\_}fundamental{\_}frequency{\_}estimator{\_}for{\_}speech{\_}and{\_}music.pdf:pdf},
mendeley-groups = {SMC/TFM},
number = {April},
title = {{YIN, a fundamental frequency estimator for speech and music}},
volume = {111},
year = {2002}
}
@incollection{Juslin2001,
abstract = {... film 879 ANNABEL J. COHEN 32. Music and marketing 909 ADRIAN C. NORTH AND DAVID J. HARGREAVES PART VIII ENCORE 33. The past, present, and future of music and emotion research 933 PATRIK N. JUSLIN AND JOHN A. SLOBODA Index 957},
author = {Juslin, P. N. and Sloboda, J.},
booktitle = {Music and Emotion},
mendeley-groups = {SMC/TFM},
title = {{Communicating emotion in music performance: A review and theoretical framework}},
year = {2001}
}
@article{Klapuri2004,
author = {Klapuri, Anssi P.},
doi = {10.1080/0929821042000317840},
isbn = {0929-8215},
issn = {0929-8215},
journal = {Journal of New Music Research},
number = {3},
pages = {269--282},
title = {{Automatic Music Transcription as We Know it Today}},
volume = {33},
year = {2004}
}

@incollection{argenti2011,
  title={Automatic music transcription: from monophonic to polyphonic},
  author={Argenti, Fabrizio and Nesi, Paolo and Pantaleo, Gianni},
  booktitle={Musical Robots and Interactive Multimodal Systems},
  pages={27--46},
  year={2011},
  publisher={Springer}
}

@inproceedings{Fiss2011,
author = {Fiss, Xander and Kwasinski, Andres},
booktitle = {ICASSP, IEEE International Conference on Acoustics, Speech and Signal Processing - Proceedings},
doi = {10.1109/ICASSP.2011.5946418},
isbn = {9781457705397},
issn = {15206149},
keywords = {Guitar,Music Transcription,Real Time Systems,Tablature},
mendeley-groups = {SMC/TFM},
pages = {373--376},
title = {{Automatic real-time electric guitar audio transcription}},
year = {2011}
}

@online{gk3,
  author = {Roland},
  title = {{Roland GK-3} Divided Pickup},
  url = {https://www.roland.com/global/products/gk-3},
  urldate = {22-06-2017}
}

@article{Klapuri2006,
author = {Klapuri, Anssi},
file = {::},
isbn = {1550583492},
journal = {Proceedings of the International Symposium/Conference on Music Information Retrieval (ISMIR)},
keywords = {F0 estimation,music transcription,pitch},
pages = {216--221},
title = {{Multiple Fundamental Frequency Estimation by Summing Harmonic Amplitudes}},
year = {2006}
}

